@article{LL00,
    author  = "Firstname Lastname and Firstname2 Lastname2",
    title   = "Title",
    year    = "2000",
    journal = "Journal",
    pages   = "1--2"
}

@book{LL01,
    author  = "Firstname Lastname and Firstname2 Lastname2",
    title   = "Title",
    year    = "2001",
    publisher = "Publisher",
}

@misc{wwwDomainCom,
      author = "Fermentas Inc.",
      title = "Phage Lambda: description \& restriction map",
      month = "November",
      year = "2008",
      url = "http://www.domain.com"
}
