@{,
    author  = "",
    title   = "",
    year    = "",
    journal = "",
    pages   = ""
}
